@Manual{R-core,
  title = {R: A Language and Environment for Statistical Computing},
  author = {{R Core Team}},
  organization = {R Foundation for Statistical Computing},
  address = {Vienna, Austria},
  year = {2025},
  url = {https://www.R-project.org/},
}

@Manual{knitr1,
  title = {knitr: A General-Purpose Package for Dynamic Report Generation in {R}},
  author = {Yihui Xie},
  year = {2025},
  note = {R package version 1.50},
  url = {https://yihui.org/knitr/},
}

@Book{knitr2,
  title = {Dynamic Documents with {R} and knitr},
  author = {Yihui Xie},
  publisher = {Chapman and Hall/CRC},
  address = {Boca Raton, Florida},
  year = {2015},
  edition = {2nd},
  note = {ISBN 978-1498716963},
  url = {https://yihui.org/knitr/},
}

@InCollection{knitr3,
  booktitle = {Implementing Reproducible Computational Research},
  editor = {Victoria Stodden and Friedrich Leisch and Roger D. Peng},
  title = {knitr: A Comprehensive Tool for Reproducible Research in {R}},
  author = {Yihui Xie},
  publisher = {Chapman and Hall/CRC},
  year = {2014},
  note = {ISBN 978-1466561595},
}

@Manual{patchwork,
  title = {patchwork: The Composer of Plots},
  author = {Thomas Lin Pedersen},
  year = {2024},
  note = {R package version 1.3.0},
  url = {https://CRAN.R-project.org/package=patchwork},
  doi = {10.32614/CRAN.package.patchwork},
}

@Article{tidyverse,
  title = {Welcome to the {tidyverse}},
  author = {Hadley Wickham and Mara Averick and Jennifer Bryan and Winston Chang and Lucy D'Agostino McGowan and Romain François and Garrett Grolemund and Alex Hayes and Lionel Henry and Jim Hester and Max Kuhn and Thomas Lin Pedersen and Evan Miller and Stephan Milton Bache and Kirill Müller and Jeroen Ooms and David Robinson and Dana Paige Seidel and Vitalie Spinu and Kohske Takahashi and Davis Vaughan and Claus Wilke and Kara Woo and Hiroaki Yutani},
  year = {2019},
  journal = {Journal of Open Source Software},
  volume = {4},
  number = {43},
  pages = {1686},
  doi = {10.21105/joss.01686},
}

@Manual{emmeans,
  title = {emmeans: Estimated Marginal Means, aka Least-Squares Means},
  author = {Russell V. Lenth},
  year = {2025},
  note = {R package version 1.11.1},
  url = {https://CRAN.R-project.org/package=emmeans},
  doi = {10.32614/CRAN.package.emmeans},
}

@Manual{googlesheets4,
  title = {googlesheets4: Access Google Sheets using the Sheets API V4},
  author = {Jennifer Bryan},
  year = {2023},
  note = {R package version 1.1.1},
  url = {https://CRAN.R-project.org/package=googlesheets4},
  doi = {10.32614/CRAN.package.googlesheets4},
}

@Manual{janitor,
  title = {janitor: Simple Tools for Examining and Cleaning Dirty Data},
  author = {Sam Firke},
  year = {2024},
  note = {R package version 2.2.1},
  url = {https://CRAN.R-project.org/package=janitor},
  doi = {10.32614/CRAN.package.janitor},
}

@Manual{rmarkdown1,
  title = {rmarkdown: Dynamic Documents for R},
  author = {JJ Allaire and Yihui Xie and Christophe Dervieux and Jonathan McPherson and Javier Luraschi and Kevin Ushey and Aron Atkins and Hadley Wickham and Joe Cheng and Winston Chang and Richard Iannone},
  year = {2024},
  note = {R package version 2.29},
  url = {https://github.com/rstudio/rmarkdown},
}

@Book{rmarkdown2,
  title = {R Markdown: The Definitive Guide},
  author = {Yihui Xie and J.J. Allaire and Garrett Grolemund},
  publisher = {Chapman and Hall/CRC},
  address = {Boca Raton, Florida},
  year = {2018},
  isbn = {9781138359338},
  url = {https://bookdown.org/yihui/rmarkdown},
}

@Book{rmarkdown3,
  title = {R Markdown Cookbook},
  author = {Yihui Xie and Christophe Dervieux and Emily Riederer},
  publisher = {Chapman and Hall/CRC},
  address = {Boca Raton, Florida},
  year = {2020},
  isbn = {9780367563837},
  url = {https://bookdown.org/yihui/rmarkdown-cookbook},
}

@Manual{readxl,
  title = {readxl: Read Excel Files},
  author = {Hadley Wickham and Jennifer Bryan},
  year = {2025},
  note = {R package version 1.4.5},
  url = {https://CRAN.R-project.org/package=readxl},
  doi = {10.32614/CRAN.package.readxl},
}

@Manual{kableExtra,
  title = {kableExtra: Construct Complex Table with 'kable' and Pipe Syntax},
  author = {Hao Zhu},
  year = {2024},
  note = {R package version 1.4.0},
  url = {https://CRAN.R-project.org/package=kableExtra},
  doi = {10.32614/CRAN.package.kableExtra},
}

@Manual{glue,
  title = {glue: Interpreted String Literals},
  author = {Jim Hester and Jennifer Bryan},
  year = {2024},
  note = {R package version 1.8.0},
  url = {https://CRAN.R-project.org/package=glue},
  doi = {10.32614/CRAN.package.glue},
}

@Manual{imager,
  title = {imager: Image Processing Library Based on 'CImg'},
  author = {Simon Barthelme},
  year = {2025},
  note = {R package version 1.0.3},
  url = {https://CRAN.R-project.org/package=imager},
  doi = {10.32614/CRAN.package.imager},
}

@Manual{FSA,
  title = {FSA: Simple Fisheries Stock Assessment Methods},
  author = {Derek H. Ogle and Jason C. Doll and A. Powell Wheeler and Alexis Dinno},
  year = {2025},
  note = {R package version 0.10.0},
  url = {https://CRAN.R-project.org/package=FSA},
  doi = {10.32614/CRAN.package.FSA},
}

@Manual{renv,
  title = {renv: Project Environments},
  author = {Kevin Ushey},
  year = {2023},
  note = {R package version 0.17.0},
  url = {https://CRAN.R-project.org/package=renv},
  doi = {10.32614/CRAN.package.renv},
}

@Manual{broom,
  title = {broom: Convert Statistical Objects into Tidy Tibbles},
  author = {David Robinson and Alex Hayes and Simon Couch},
  year = {2025},
  note = {R package version 1.0.8},
  url = {https://CRAN.R-project.org/package=broom},
  doi = {10.32614/CRAN.package.broom},
}

@Book{ggplot2,
    author = {Hadley Wickham},
    title = {ggplot2: Elegant Graphics for Data Analysis},
    publisher = {Springer-Verlag New York},
    year = {2016},
    isbn = {978-3-319-24277-4},
    url = {https://ggplot2.tidyverse.org},
}
  
@Manual{dplyr,
    title = {dplyr: A Grammar of Data Manipulation},
    author = {Hadley Wickham and Romain François and Lionel Henry and Kirill Müller and Davis Vaughan},
    year = {2023},
    note = {R package version 1.1.0},
    url = {https://CRAN.R-project.org/package=dplyr},
}

@Manual{tidyr,
  title = {tidyr: Tidy Messy Data},
  author = {Hadley Wickham and Davis Vaughan and Maximilian Girlich},
  year = {2024},
  note = {R package version 1.3.1},
  url = {https://CRAN.R-project.org/package=tidyr},
  doi = {10.32614/CRAN.package.tidyr},
}

@Manual{readr,
  title = {readr: Read Rectangular Text Data},
  author = {Hadley Wickham and Jim Hester and Jennifer Bryan},
  year = {2024},
  note = {R package version 2.1.5},
  url = {https://CRAN.R-project.org/package=readr},
  doi = {10.32614/CRAN.package.readr},
}

